<record><leader>00000cas a2200000 a 4500</leader><controlfield tag="001">39681809</controlfield><controlfield tag="008">980812d18uu1892miudn n       0   a0eng c</controlfield><datafield ind1=" " ind2=" " tag="010"><subfield code="a">sn 98066392 </subfield></datafield><datafield ind1=" " ind2=" " tag="040"><subfield code="a">MHN</subfield><subfield code="b">eng</subfield><subfield code="c">MHN</subfield><subfield code="d">OCL</subfield><subfield code="d">MHN</subfield><subfield code="d">OCL</subfield><subfield code="d">MHN</subfield><subfield code="d">OCLCQ</subfield><subfield code="d">OCLCF</subfield><subfield code="d">OCLCO</subfield><subfield code="d">DLC</subfield></datafield><datafield ind1="0" ind2=" " tag="022"><subfield code="a">2378-0703</subfield><subfield code="2">1</subfield></datafield><datafield ind1=" " ind2=" " tag="042"><subfield code="a">pcc</subfield><subfield code="a">nsdp</subfield></datafield><datafield ind1=" " ind2=" " tag="043"><subfield code="a">n-us-mi</subfield></datafield><datafield ind1="0" ind2="0" tag="050"><subfield code="a">Newspaper</subfield></datafield><datafield ind1="0" ind2="0" tag="082"><subfield code="a">071</subfield><subfield code="2">23</subfield></datafield><datafield ind1="0" ind2=" " tag="130"><subfield code="a">Telegram-herald  (Grand Rapids, Mich.)</subfield></datafield><datafield ind1=" " ind2="0" tag="222"><subfield code="a">Telegram-herald</subfield><subfield code="b">(Grand Rapids, Mich. Print)</subfield></datafield><datafield ind1="1" ind2="0" tag="245"><subfield code="a">Telegram-herald.</subfield></datafield><datafield ind1="3" ind2=" " tag="246"><subfield code="a">Sunday telegram-herald</subfield></datafield><datafield ind1=" " ind2=" " tag="260"><subfield code="a">[Grand Rapids, Mich. :</subfield><subfield code="b">S.n.]</subfield></datafield><datafield ind1=" " ind2=" " tag="300"><subfield code="a">v.</subfield></datafield><datafield ind1=" " ind2=" " tag="310"><subfield code="a">Daily</subfield></datafield><datafield ind1="0" ind2=" " tag="362"><subfield code="a">-v. 8, no. 2 (Jan. 2, 1892).</subfield></datafield><datafield ind1=" " ind2=" " tag="500"><subfield code="a">Sunday issues called: Sunday telegram-herald, &lt;Aug. 9, 1891&gt;-Dec. 27, 1891.</subfield></datafield><datafield ind1=" " ind2=" " tag="515"><subfield code="a">Issue called: Vol. 7, no. 218 (Aug. 7, 1891).</subfield></datafield><datafield ind1=" " ind2=" " tag="530"><subfield code="a">Archived issues are available in digital format from the Library of Congress Chronicling America online collection.</subfield></datafield><datafield ind1=" " ind2=" " tag="588"><subfield code="a">Description based on: June 27, [1886]; title from imprint.</subfield></datafield><datafield ind1=" " ind2="0" tag="651"><subfield code="a">Grand Rapids (Mich.)</subfield><subfield code="v">Newspapers.</subfield></datafield><datafield ind1=" " ind2="0" tag="651"><subfield code="a">Kent County (Mich.)</subfield><subfield code="v">Newspapers.</subfield></datafield><datafield ind1=" " ind2="7" tag="651"><subfield code="a">Michigan</subfield><subfield code="z">Grand Rapids.</subfield><subfield code="2">fast</subfield><subfield code="0">(OCoLC)fst01206920</subfield></datafield><datafield ind1=" " ind2="7" tag="651"><subfield code="a">Michigan</subfield><subfield code="z">Kent County.</subfield><subfield code="2">fast</subfield><subfield code="0">(OCoLC)fst01202912</subfield></datafield><datafield ind1=" " ind2="7" tag="655"><subfield code="a">Newspapers.</subfield><subfield code="2">fast</subfield><subfield code="0">(OCoLC)fst01423814</subfield></datafield><datafield ind1=" " ind2=" " tag="752"><subfield code="a">United States</subfield><subfield code="b">Michigan</subfield><subfield code="c">Kent</subfield><subfield code="d">Grand Rapids.</subfield></datafield><datafield ind1="0" ind2="8" tag="776"><subfield code="i">Online version:</subfield><subfield code="t">Telegram-herald</subfield><subfield code="x">2378-0711</subfield><subfield code="w">(DLC)  2015218620</subfield></datafield><datafield ind1="0" ind2="4" tag="780"><subfield code="t">Brezee's Grand Rapids herald</subfield><subfield code="w">(DLC)sn2001061771</subfield><subfield code="w">(OCoLC)47850611</subfield></datafield><datafield ind1="0" ind2="4" tag="780"><subfield code="t">Grand Rapids morning telegram</subfield><subfield code="x">2378-0673</subfield><subfield code="w">(DLC)sn2001061779</subfield><subfield code="w">(OCoLC)47851417</subfield></datafield><datafield ind1="0" ind2="0" tag="785"><subfield code="t">Grand Rapids herald (Grand Rapids, Mich.)</subfield><subfield code="w">(DLC)sn 83016672</subfield><subfield code="w">(OCoLC)9974974</subfield></datafield><datafield ind1="4" ind2="1" tag="856"><subfield code="u">http://www.loc.gov/chroniclingamerica/lccn/sn98066392/issues</subfield></datafield><datafield ind1="1" ind2=" " tag="029"><subfield code="a">AU@</subfield><subfield code="b">000014122503</subfield></datafield></record>